@Misc{sla,
  author = 	 {Graaf, W. A. de},
  title = 	 {{\sf SLA} - computing with {S}imple {L}ie {A}lgebras},
  howpublished = {a {\sf GAP} package},
  year = 	 {2012},
  note = 	 {{\tt http://science.unitn.it/~degraaf/sla.html}, version 0.12}
}


