



@book{ onvin,
  author =           {Onishchik, A. and Vinberg, E.},
  title =            {Lie Groups and Algebraic Groups},
  publisher =        {Springer-Verlag Berlin Heidelberg},
  edition =          {first},
  series =           {Springer Series in Soviet Mathematics},
  year =             {1990},
  note =             {Original Russian edition published by Nauka, Moscow 1988},
  key =              {onvin}
}
@misc{ CoReLG,
  author =           {Dietrich, H. and Faccin, P. and de Graaf, W. A.},
  title =            {CoReLG, computation with real Lie groups, Version 1.20},
  month =            {Dec},
  year =             {2014},
  note =             {Refereed GAP package},
  howpublished =     {\href           {http://users.monash.edu/~heikod/corelg/}          {\texttt{http://users.monash.edu/}\discretionary
                      {}{}{}\texttt{\texttt{\symbol{126}}heikod/}\discretionary {}{}{}\texttt{corelg/}}},
  key =              {CoReLG}
}
@misc{ our,
  author =           {Boche{\a'n}ski, M. and Jastrz{\k e}bski, P. and Szczepkowska, A. and Tralle, A. and Woike, A.},
  title =            {Semisimple  subalgebras  in  simple  Lie  algebras and a computational approach to the compact Clifford-Klein forms
                      problem},
  howpublished =     {\href                 {https://arxiv.org/abs/1804.03484}                 {\texttt{https://arxiv.org/}\discretionary
                      {}{}{}\texttt{abs/}\discretionary {}{}{}\texttt{1804.03484}}},
  key =              {our}
}
