@BOOK {onvin,
    author    = "Onishchik A.L., Vinberg E.B.",
    title     = "Lie Groups and Algebraic Groups",
    publisher = "Springer-Verlag Berlin Heidelberg",
    year      = "1990",
    series    = "Springer Series in Soviet Mathematics",
    edition   = "first",
    note      = "Original Russian edition published by Nauka, Moscow 1988"
}

@misc{ CoReLG,
  author =           {Dietrich, H. and Faccin, P. and de Graaf, W. A.},
  title =            {{CoReLG}, computation with real Lie groups, {V}ersion 1.20},
  month =            {Dec},
  year =             {2014},
  note =             {Refereed GAP package},
  howpublished =     {\href           {http://users.monash.edu/~heikod/corelg/}          {\texttt{http://users.monash.edu/}\discretionary
                      {}{}{}\texttt{\texttt{\symbol{126}}heikod/}\discretionary {}{}{}\texttt{corelg/}}},
  keywords =         {real Lie algebras; nilpotent orbits Cartan subalgebras},
  printedkey =       {DFG14}
}




